<?xml version="1.0" encoding="UTF-8"?><collection xmlns="http://www.loc.gov/MARC21/slim"><record><leader>00380nam--2200157-i-4500</leader><controlfield tag="001">000045934</controlfield><controlfield tag="002">20161230</controlfield><controlfield tag="005">20170122112653</controlfield><controlfield tag="008">060222s1000------------r-----000-0-eng-d</controlfield><datafield ind1=" " ind2=" " tag="100"><subfield code="a">Vallery-Radot, Pasteur</subfield></datafield><datafield ind1=" " ind2=" " tag="245"><subfield code="a">Pathologie medicale</subfield></datafield><datafield ind1=" " ind2=" " tag="250"><subfield code="a">3-e edition</subfield></datafield><datafield ind1=" " ind2=" " tag="260"><subfield code="a">Paris</subfield><subfield code="b">Flammarion</subfield><subfield code="c">1948-1956</subfield></datafield><datafield ind1=" " ind2=" " tag="300"><subfield code="a">1420 p</subfield></datafield><datafield ind1=" " ind2=" " tag="852"><subfield code="a">15666</subfield></datafield><datafield ind1=" " ind2=" " tag="CAT"><subfield code="a">SYS</subfield><subfield code="c">20170122</subfield><subfield code="h">112653</subfield></datafield></record></collection>